<record><leader>00000cas a22000007a 4500</leader><controlfield tag="001">18294160</controlfield><controlfield tag="008">880730d19201920iauwr ne      0    0eng d</controlfield><datafield ind1=" " ind2=" " tag="010"><subfield code="a">sn 88059731 </subfield></datafield><datafield ind1=" " ind2=" " tag="040"><subfield code="a">INP</subfield><subfield code="b">eng</subfield><subfield code="c">INP</subfield><subfield code="d">OCLCQ</subfield></datafield><datafield ind1=" " ind2=" " tag="042"><subfield code="a">msc</subfield></datafield><datafield ind1="0" ind2="4" tag="245"><subfield code="a">The Muscatine independent telegram.</subfield></datafield><datafield ind1="1" ind2="3" tag="246"><subfield code="a">Independent telegram</subfield></datafield><datafield ind1=" " ind2=" " tag="260"><subfield code="a">Muscatine, Iowa :</subfield><subfield code="b">Telegram Co.</subfield></datafield><datafield ind1=" " ind2=" " tag="300"><subfield code="a">v.</subfield></datafield><datafield ind1=" " ind2=" " tag="310"><subfield code="a">Weekly</subfield></datafield><datafield ind1="0" ind2=" " tag="362"><subfield code="a">July 11, 1920-v. 2, no. 10 (Nov. 4, 1920).</subfield></datafield><datafield ind1=" " ind2=" " tag="500"><subfield code="a">Publisher varies.</subfield></datafield><datafield ind1=" " ind2=" " tag="515"><subfield code="a">Issues numbered within the year, July 11-&lt;Aug. 1&gt;, 1920; new numbering system commences with &lt;v. 2, no. 3 (Sept. 9, 1920)&gt;.</subfield></datafield><datafield ind1=" " ind2=" " tag="752"><subfield code="a">United States</subfield><subfield code="b">Iowa</subfield><subfield code="c">Muscatine</subfield><subfield code="d">Muscatine.</subfield></datafield><datafield ind1="0" ind2="0" tag="780"><subfield code="t">Muscatine telegram</subfield><subfield code="w">(DLC)sn 88059721</subfield></datafield><datafield ind1="0" ind2="0" tag="785"><subfield code="t">Independent telegram</subfield><subfield code="w">(DLC)sn 88059752</subfield></datafield></record>